%============ Bibliography Syntaxe ============%
%      Just follow examples written below      %
%==============================================%

@electronic{nextjs,
    title = "Next.js - The React Framework for Production",
    url = "https://nextjs.org/",
    year = "2024",
    note = "[Accessed 15/03/2024]"
}

@electronic{typescript,
    title = "TypeScript - JavaScript with syntax for types",
    url = "https://www.typescriptlang.org/",
    year = "2024",
    note = "[Accessed 15/03/2024]"
}

@electronic{supabase,
    title = "Supabase - The Open Source Firebase Alternative",
    url = "https://supabase.com/",
    year = "2024",
    note = "[Accessed 15/03/2024]"
}

@electronic{react,
    title = "React - A JavaScript library for building user interfaces",
    url = "https://reactjs.org/",
    year = "2024",
    note = "[Accessed 16/03/2024]"
}

@electronic{postgresql,
    title = "PostgreSQL - The World's Most Advanced Open Source Relational Database",
    url = "https://www.postgresql.org/",
    year = "2024",
    note = "[Accessed 16/03/2024]"
}

@electronic{scrum,
    title = "Scrum Methodology - Agile Project Management",
    url = "https://www.scrum.org/",
    year = "2024",
    note = "[Accessed 18/03/2024]"
}

@electronic{tailwindcss,
    title = "Tailwind CSS - A utility-first CSS framework",
    url = "https://tailwindcss.com/",
    year = "2024",
    note = "[Accessed 20/03/2024]"
}

@electronic{websockets,
    title = "WebSocket - Communication Protocol",
    url = "https://developer.mozilla.org/en-US/docs/Web/API/WebSockets\_API",
    year = "2024",
    note = "[Accessed 22/03/2024]"
}

%% You must use a backslash before special characters such as underscores, etc. in URLs
